@article{falcon2019pytorch,
  title = {PyTorch Lightning},
  author = {William {Falcon et al.}},
  journal = {GitHub. Note: https://github.com/PyTorchLightning/pytorch-lightning
             },
  volume = {3},
  year = {2019},
}

@online{jhsmphenotyping,
  author = {John Hopkins Schol of Medicine},
  title = {What Is Phenotyping and Why Is It Important?},
  year = 2023,
  url = {https://mcp.bs.jhmi.edu/what-is-phenotyping/},
  urldate = {2023-05-05},
}

@online{zooniverse,
  author = {Citizen Science Alliance},
  title = {Zooniverse},
  year = 2023,
  url = {https://www.zooniverse.org/},
  urldate = {2023-05-05},
}

@book{python3,
  author = {Van Rossum, Guido and Drake, Fred L.},
  title = {Python 3 Reference Manual},
  year = {2009},
  isbn = {1441412697},
  publisher = {CreateSpace},
  address = {Scotts Valley, CA},
}

@software{gimp,
  author = {{The GIMP Development Team}},
  title = {GIMP},
  url = {https://www.gimp.org},
  version = {2.10.12},
  date = {2019-06-12},
}
